@inproceedings{majee20194d,
  title={{4D} {X-Ray} {CT} Reconstruction using Multi-Slice Fusion},
  author={Majee, Soumendu and Balke, Thilo and Kemp, Craig AJ and Buzzard, Gregery T and Bouman, Charles A},
  booktitle={2019 IEEE International Conference on Computational Photography (ICCP)},
  pages={1--8},
  year={2019},
  organization={IEEE}
}

@inproceedings{vnet,
  title={V-net: Fully convolutional neural networks for volumetric medical image segmentation},
  author={Milletari, Fausto and Navab, Nassir and Ahmadi, Seyed-Ahmad},
  booktitle={2016 fourth international conference on 3D vision (3DV)},
  pages={565--571},
  year={2016},
  organization={IEEE}
}

@inproceedings{unet,
  title={U-net: Convolutional networks for biomedical image segmentation},
  author={Ronneberger, Olaf and Fischer, Philipp and Brox, Thomas},
  booktitle={International Conference on Medical image computing and computer-assisted intervention},
  pages={234--241},
  year={2015},
  organization={Springer}
}

@article{cirillo2020vox2vox,
  title={Vox2Vox: 3D-GAN for brain tumour segmentation},
  author={Cirillo, Marco Domenico and Abramian, David and Eklund, Anders},
  journal={arXiv preprint arXiv:2003.13653},
  year={2020}
}

@article{dong2019automatic,
  title={Automatic multiorgan segmentation in thorax CT images using U-net-GAN},
  author={Dong, Xue and Lei, Yang and Wang, Tonghe and Thomas, Matthew and Tang, Leonardo and Curran, Walter J and Liu, Tian and Yang, Xiaofeng},
  journal={Medical physics},
  volume={46},
  number={5},
  pages={2157--2168},
  year={2019},
  publisher={Wiley Online Library}
}

@inproceedings{hatamizadeh2019end,
  title={End-to-end boundary aware networks for medical image segmentation},
  author={Hatamizadeh, Ali and Terzopoulos, Demetri and Myronenko, Andriy},
  booktitle={International Workshop on Machine Learning in Medical Imaging},
  pages={187--194},
  year={2019},
  organization={Springer}
}

@article{badrinarayanan2017segnet,
  title={Segnet: A deep convolutional encoder-decoder architecture for image segmentation},
  author={Badrinarayanan, Vijay and Kendall, Alex and Cipolla, Roberto},
  journal={IEEE transactions on pattern analysis and machine intelligence},
  volume={39},
  number={12},
  pages={2481--2495},
  year={2017},
  publisher={IEEE}
}

@article{amyar2020multi,
  title={Multi-task deep learning based CT imaging analysis for COVID-19 pneumonia: Classification and segmentation},
  author={Amyar, Amine and Modzelewski, Romain and Li, Hua and Ruan, Su},
  journal={Computers in Biology and Medicine},
  volume={126},
  pages={104037},
  year={2020},
  publisher={Elsevier}
}

@inproceedings{bahrami2017joint,
  title={Joint reconstruction and segmentation of 7T-like MR images from 3T MRI based on cascaded convolutional neural networks},
  author={Bahrami, Khosro and Rekik, Islem and Shi, Feng and Shen, Dinggang},
  booktitle={International Conference on Medical Image Computing and Computer-Assisted Intervention},
  pages={764--772},
  year={2017},
  organization={Springer}
}

@article{wei2018joint,
  title={A joint reconstruction and segmentation method for limited-angle X-ray tomography},
  author={Wei, Zenghui and Liu, Baodong and Dong, Bin and Wei, Long},
  journal={IEEE Access},
  volume={6},
  pages={7780--7791},
  year={2018},
  publisher={IEEE}
}

@article{boink2019partially,
  title={A partially-learned algorithm for joint photo-acoustic reconstruction and segmentation},
  author={Boink, Yoeri E and Manohar, Srirang and Brune, Christoph},
  journal={IEEE transactions on medical imaging},
  volume={39},
  number={1},
  pages={129--139},
  year={2019},
  publisher={IEEE}
}
